@ONLINE {assign,
    author = "Xiaogang Wang",
    title  = "Assignments",
    year   = "2017",
    url    = "http://dl.ee.cuhk.edu.hk/"
}
