@misc{ELEG5491,
    author = "Xiaogang Wang",
    title  = "Introduction to Deep Learning",
    howpublished = {\url{http://dl.ee.cuhk.edu.hk/}},
    note   = "Accessed: 2017-4-26",
}
